@book{aggarwal2012mining,
  title= {Mining text data},
  author= {Aggarwal, Charu C and Zhai, ChengXiang},
  year={2012},
  publisher={Springer Science Business Media}
}

@book{SLP00,
author = {Jurafsky, Daniel and Martin, James H.},
title = {Speech and Language Processing: An Introduction to Natural Language Processing, Computational Linguistics, and Speech Recognition},
year = {2000},
isbn = {0130950696},
publisher = {Prentice Hall PTR},
address = {USA},
edition = {1st}
}
